<record><leader>00000cas a22000007a 4500</leader><controlfield tag="001">1757659</controlfield><controlfield tag="008">751101d18591860mnuwr ne      0    0eng d</controlfield><datafield ind1=" " ind2=" " tag="010"><subfield code="a">sn 90060322 </subfield></datafield><datafield ind1=" " ind2=" " tag="040"><subfield code="a">MUL</subfield><subfield code="b">eng</subfield><subfield code="c">MUL</subfield><subfield code="d">MN#</subfield><subfield code="d">OCL</subfield><subfield code="d">OCLCQ</subfield><subfield code="d">OCLCF</subfield><subfield code="d">OCLCO</subfield></datafield><datafield ind1=" " ind2=" " tag="042"><subfield code="a">msc</subfield></datafield><datafield ind1=" " ind2=" " tag="043"><subfield code="a">n-us-mn</subfield></datafield><datafield ind1=" " ind2=" " tag="052"><subfield code="a">4144</subfield><subfield code="b">M5</subfield></datafield><datafield ind1="0" ind2=" " tag="130"><subfield code="a">Plain dealer (Minneapolis, Minn.)</subfield></datafield><datafield ind1="1" ind2="4" tag="245"><subfield code="a">The plain dealer.</subfield></datafield><datafield ind1="1" ind2="7" tag="246"><subfield code="a">Minneapolis plain dealer</subfield></datafield><datafield ind1=" " ind2=" " tag="260"><subfield code="a">Minneapolis, Minn. :</subfield><subfield code="b">H.E. Purdy,</subfield><subfield code="c">-1860.</subfield></datafield><datafield ind1=" " ind2=" " tag="300"><subfield code="a">v.</subfield></datafield><datafield ind1=" " ind2=" " tag="310"><subfield code="a">Weekly</subfield></datafield><datafield ind1="1" ind2=" " tag="362"><subfield code="a">Began in 1859.</subfield></datafield><datafield ind1="0" ind2=" " tag="362"><subfield code="a">-v. 2, no. 25 (Oct. 27, 1860) = -whole no. 77.</subfield></datafield><datafield ind1=" " ind2=" " tag="530"><subfield code="a">Available on microfilm from the Minnesota Historical Society.</subfield></datafield><datafield ind1=" " ind2=" " tag="588"><subfield code="a">Description based on: Vol. 1, no. 39 (Feb. 4, 1860) = whole no. 39.</subfield></datafield><datafield ind1=" " ind2="0" tag="651"><subfield code="a">Minneapolis (Minn.)</subfield><subfield code="v">Newspapers.</subfield></datafield><datafield ind1=" " ind2="7" tag="655"><subfield code="a">Newspapers.</subfield><subfield code="2">fast</subfield><subfield code="0">(OCoLC)fst01423814</subfield></datafield><datafield ind1=" " ind2="7" tag="651"><subfield code="a">Minnesota</subfield><subfield code="z">Minneapolis.</subfield><subfield code="2">fast</subfield><subfield code="0">(OCoLC)fst01204260</subfield></datafield><datafield ind1=" " ind2=" " tag="752"><subfield code="a">United States</subfield><subfield code="b">Minnesota</subfield><subfield code="c">Hennepin</subfield><subfield code="d">Minneapolis.</subfield></datafield></record>